@incollection{lenstra1979computational,
  title={Computational complexity of discrete optimization problems},
  author={Lenstra, Jan K and Kan, AHG Rinnooy},
  booktitle={Annals of discrete mathematics},
  volume={4},
  pages={121--140},
  year={1979},
  publisher={Elsevier}
}

@article{storer1992new,
  title={New search spaces for sequencing problems with application to job shop scheduling},
  author={Storer, Robert H and Wu, S David and Vaccari, Renzo},
  journal={Management science},
  volume={38},
  number={10},
  pages={1495--1509},
  year={1992},
  publisher={INFORMS}
}

@article{taillard1993benchmarks,
  title={Benchmarks for basic scheduling problems},
  author={Taillard, Eric},
  journal={european journal of operational research},
  volume={64},
  number={2},
  pages={278--285},
  year={1993},
  publisher={Elsevier}
}

@inproceedings{lifschitz1999answer,
  title={Answer set planning},
  author={Lifschitz, Vladimir},
  booktitle={International Conference on Logic Programming and Nonmonotonic Reasoning},
  pages={373--374},
  year={1999},
  organization={Springer}
}

@article{singer2001decomposition,
  title={Decomposition methods for large job shops},
  author={Singer, Marcos},
  journal={Computers \& Operations Research},
  volume={28},
  number={3},
  pages={193--207},
  year={2001},
  publisher={Elsevier}
}

@article{zhai2014decomposition,
  title={A decomposition heuristics based on multi-bottleneck machines for large-scale job shop scheduling problems},
  author={Zhai, Yingni and Liu, Changjun and Chu, Wei and Guo, Ruifeng and Liu, Cunliang},
  journal={Journal of Industrial Engineering and Management (JIEM)},
  volume={7},
  number={5},
  pages={1397--1414},
  year={2014},
  publisher={Barcelona: OmniaScience}
}



@article{janhunen2017clingo,
  title={Clingo goes linear constraints over reals and integers},
  author={Janhunen, Tomi and Kaminski, Roland and Ostrowski, Max and Schellhorn, Sebastian and Wanko, Philipp and Schaub, Torsten},
  journal={Theory and Practice of Logic Programming},
  volume={17},
  number={5-6},
  pages={872--888},
  year={2017},
  publisher={Cambridge University Press}
}

@article{gebser2019multi,
  title={Multi-shot ASP solving with clingo},
  author={Gebser, Martin and Kaminski, Roland and Kaufmann, Benjamin and Schaub, Torsten},
  journal={Theory and Practice of Logic Programming},
  volume={19},
  number={1},
  pages={27--82},
  year={2019},
  publisher={Cambridge University Press}
}